@article{lecun1998gradient,
  title={Gradient-based learning applied to document recognition},
  author={LeCun, Yann and Bottou, L{\'e}on and Bengio, Yoshua and Haffner, Patrick},
  journal={Proceedings of the IEEE},
  volume={86},
  number={11},
  pages={2278--2324},
  year={1998},
  publisher={Ieee}
}

@article{krizhevsky2012imagenet,
  title={Imagenet classification with deep convolutional neural networks},
  author={Krizhevsky, Alex and Sutskever, Ilya and Hinton, Geoffrey E},
  journal={Advances in neural information processing systems},
  volume={25},
  year={2012}
}

@article{ngiam2010tiled,
  title={Tiled convolutional neural networks},
  author={Ngiam, Jiquan and Chen, Zhenghao and Chia, Daniel and Koh, Pang and Le, Quoc and Ng, Andrew},
  journal={Advances in neural information processing systems},
  volume={23},
  year={2010}
}